<record xmlns="http://www.loc.gov/MARC21/slim" xmlns:xsi="http://www.w3.org/2001/XMLSchema-instance" xsi:schemaLocation="http://www.loc.gov/MARC21/slim http://www.loc.gov/standards/marcxml/schema/MARC21slim.xsd"><leader>     nam a22        4500</leader><controlfield tag="001">1931643</controlfield><controlfield tag="003">NIC</controlfield><controlfield tag="006">m        d        </controlfield><controlfield tag="007">cr cn |||m|||a</controlfield><controlfield tag="008">150316s1908    ua a    o     000 0 ara d</controlfield><datafield ind1=" " ind2=" " tag="040"><subfield code="a">NNU</subfield><subfield code="b">eng</subfield><subfield code="e">rda</subfield><subfield code="c">NNU</subfield></datafield><datafield ind1=" " ind2=" " tag="043"><subfield code="a">f-ua---</subfield></datafield><datafield ind1=" " ind2=" " tag="090"><subfield code="a">DT46</subfield><subfield code="b">.J384 1908</subfield></datafield><datafield ind1="1" ind2=" " tag="100"><subfield code="6">880-01</subfield><subfield code="a">Jawhari&#772;, T&#803;ant&#803;a&#772;wi&#772;,</subfield><subfield code="d">1862-1940.</subfield></datafield><datafield ind1="1" ind2="0" tag="245"><subfield code="6">880-02</subfield><subfield code="a">Nahd&#803;at al-ummah wa-h&#803;aya&#772;tuha&#772;.</subfield></datafield><datafield ind1=" " ind2="1" tag="264"><subfield code="6">880-03</subfield><subfield code="a">al-Qa&#772;hirah :</subfield><subfield code="b">[publisher not identified],</subfield><subfield code="c">1908.</subfield></datafield><datafield ind1=" " ind2=" " tag="300"><subfield code="a">online resource (284 pages) :</subfield><subfield code="b">illustration</subfield></datafield><datafield ind1=" " ind2=" " tag="336"><subfield code="a">text</subfield><subfield code="2">rdacontent</subfield></datafield><datafield ind1=" " ind2=" " tag="337"><subfield code="a">computer</subfield><subfield code="2">rdamedia</subfield></datafield><datafield ind1=" " ind2=" " tag="338"><subfield code="a">online resource</subfield><subfield code="2">rdacarrier</subfield></datafield><datafield ind1=" " ind2=" " tag="500"><subfield code="a">Collection of essays about Egypt.</subfield></datafield><datafield ind1=" " ind2=" " tag="500"><subfield code="a">Part of the Arabic Collections Online (ACO) project, contributed by Cornell University Libraries.</subfield></datafield><datafield ind1=" " ind2=" " tag="533"><subfield code="a">Electronic reproduction.</subfield><subfield code="b">New York, N.Y. :</subfield><subfield code="c">New York University,</subfield><subfield code="d">2015.</subfield><subfield code="5">NNU</subfield></datafield><datafield ind1=" " ind2=" " tag="546"><subfield code="a">In Arabic.</subfield></datafield><datafield ind1=" " ind2="0" tag="651"><subfield code="a">Egypt.</subfield></datafield><datafield ind1=" " ind2="7" tag="651"><subfield code="a">Egypt.</subfield><subfield code="2">fast</subfield><subfield code="0">(OCoLC)fst01208755</subfield></datafield><datafield ind1="2" ind2=" " tag="710"><subfield code="a">Cornell University.</subfield><subfield code="b">Libraries.</subfield></datafield><datafield ind1="0" ind2=" " tag="730"><subfield code="a">Arabic Collections Online.</subfield></datafield><datafield ind1="0" ind2="8" tag="776"><subfield code="i">Online version:</subfield><subfield code="a">Jawhari&#772;, T&#803;ant&#803;a&#772;wi&#772;, 1862-1940.</subfield><subfield code="t">Nahd&#803;at al-ummah wa-h&#803;aya&#772;tuha&#772;.</subfield><subfield code="d">[Cairo] 1908</subfield><subfield code="w">(OCoLC)816945080</subfield></datafield><datafield ind1="0" ind2="8" tag="776"><subfield code="i">Print version:</subfield><subfield code="a">Jawhari&#772;, T&#803;ant&#803;a&#772;wi&#772;, 1862-1940.</subfield><subfield code="t">Nahd&#803;at al-ummah wa-h&#803;aya&#772;tuha&#772;</subfield><subfield code="w">(NIC)1931643</subfield><subfield code="w">(OCoLC)42865728</subfield></datafield><datafield ind1="4" ind2="0" tag="856"><subfield code="u">http://hdl.handle.net/2333.1/0zpc88h5</subfield></datafield><datafield ind1="1" ind2=" " tag="880"><subfield code="6">100-01/r</subfield><subfield code="a">&#1580;&#1608;&#1607;&#1585;&#1610;&#1548; &#1591;&#1606;&#1591;&#1575;&#1608;&#1610;&#1548;,</subfield><subfield code="d">1862-1940.</subfield></datafield><datafield ind1="1" ind2="0" tag="880"><subfield code="6">245-02/r</subfield><subfield code="a">&#1606;&#1607;&#1590;&#1577; &#1575;&#1604;&#1605;&#1577; &#1608;&#1581;&#1610;&#1575;&#1578;&#1607;&#1575;.</subfield></datafield><datafield ind1=" " ind2="1" tag="880"><subfield code="6">264-03/r</subfield><subfield code="a">&#1575;&#1604;&#1602;&#1575;&#1607;&#1585;&#1577; :</subfield><subfield code="b">[&#1575;&#1604;&#1606;&#1575;&#1588;&#1585; &#1594;&#1610;&#1585; &#1605;&#1593;&#1585;&#1608;&#1601;]&#1548;</subfield><subfield code="c">1908.</subfield></datafield><datafield ind1=" " ind2=" " tag="959"><subfield code="a">NNU</subfield><subfield code="b">WEB</subfield><subfield code="c">GENI</subfield><subfield code="t">0</subfield><subfield code="m">Electronic access</subfield><subfield code="s">01</subfield></datafield><datafield ind1=" " ind2=" " tag="999"><subfield code="i">NIC_1931643</subfield><subfield code="o">(OCoLC)ocm42865728 </subfield><subfield code="s">cornell_aco000323</subfield></datafield></record>